@book{spurio,
   author = "Sylvie Braibant and Giorgio Giacomelli and Maurizio Spurio",
   title = "Particles and Fundamental Interactions",
   subtitle = "An introduction to particle physics", 
   edition = "Second",
   year = "2012",
   publisher = "Springer",
   doi = "10.1007/978-94-007-2464-8"
}

@book{krane,
   author = "Kenneth S. Krane",
   title = "Introductory Nuclear Physics",
   year = "1988",
   publisher = "John Wiley \& Sons",
   isbn = "0-471-80553-X"
}

@book{bettini,
   author = "Alessandro Bettini",
   title = "Introduction to Elementary Particle Physics",
   edition = "Second",
   year = "2014",
   publisher = "Cambridge University Press",
   isbn = "978-1-107-05040-2"
}

@article{as9_acdm,
    author = "Angela Bracco",
    title = "Al cuore della materia",
    subtitle = "Nel nucleo l'origine della varietà degli elementi.",
    journal   = "Asimmetrie",
    volume   = "9",
    ?_number   = "",
    ?_pages    = "",
    year      = "2009",
    ?_month    = "",
    ?_note     = "",
    url = "https://www.asimmetrie.it/al-cuore-della-materia"
}

@article{as10_vdu,
    author = "Paolo Lipari",
    title = "Voci dell'universo",
    journal   = "Asimmetrie",
    volume   = "10",
    ?_number   = "",
    ?_pages    = "",
    year      = "2010",
    ?_month    = "",
    ?_note     = "",
    url = "https://www.asimmetrie.it/voci-dell-universo"
}

@article{plato,
   author = "Pia De Simone",
   title = "Plato's use of the term stoicheion",
   subtitle = "Origin and implications",
   journal = "Archai",
   volume = "30",
   date        = "2020",
   doi = "10.14195/1984-249X_30_5"
}

@online{km3,
author = "KM3NeT collaboration",
title  = "KM3Net website",
url    = "https://www.km3net.org/"
}

@article{chiarusi,
   author = "T. Chiarusi and M. Favaro and F. Giacomini and M. Manzali and A. Margiotta and C. Pellegrino",
   title = "The Trigger and Data Acquisition System for the KM3NeT-Italy neutrino telescope",
   journal = "Journal of Physics: Conference Series",
   volume = "898",
   number = "Track 1: Online Computing",
   date = "2017",
   doi = "10.1088/1742-6596/898/3/032042"
}

@article{3x3telescope,
   author = "Fabrizio Ameli and Marco Battaglieri and Vladimir V. Berdnikov and Mariangela Bondí and Sergey Boyarinov and Nathan Brei and Andrea Celentano and Laura Cappelli and Tommaso Chiarusi and Raffaella De Vita and Cristiano Fanelli and Vardan Gyurjyan and David Lawrence and Patrick Moran and Paolo Musico and Carmelo Pellegrino and Alessandro Pilloni and Ben Raydo and Carl Timmer and Maurizio Ungaro and Simone Vallarino",
   title = "Streaming readout for next generation electron scattering experiments",
   journal = "The European Physical Journal Plus",
   volume = "137",
   number = "958",
   date = "2022",
   doi = "10.1140/epjp/s13360-022-03146-z"
}

@article{ACKER2020163475,
title = {The CLAS12 Forward Tagger},
journal = {Nuclear Instruments and Methods in Physics Research Section A: Accelerators, Spectrometers, Detectors and Associated Equipment},
volume = {959},
year = {2020},
issn = {0168-9002},
doi = {10.1016/j.nima.2020.163475},
url = {https://www.sciencedirect.com/science/article/pii/S0168900220300838},
author = {A. Acker and D. Attié and S. Aune and J. Ball and P. Baron and M. Bashkanov and M. Battaglieri and R. Behary and F. Benmokhtar and A. Bersani and Q. Bertrand and D. Besin and T. Bey and P. Black and P. Bonneau and F. Bossù and R. Boudouin and M. Boyer and P. {Campero Rojas} and A. Casale and A. Celentano and R. Cereseto and A. Ciarma and F. Cipro and G. Charles and G. Christiaens and P. Contrepois and M. Cook and A. D'Angelo and R. {De Vita} and M. Defurne and E. Delagnes and E. Fanchini and S. Fegan and J. Fleming and A. Filippi and M. Garçon and F. Georges and K.L. Giovanetti and D.I. Glazier and R. Granelli and N. Grouas and K. Hicks and A. Hoebel and S.M. Hughes and C. Lahonde and L. Lanza and M. Leffel and T. Lerch and T. Lemon and K. Livingston and A. Manco and I. Mandjavidze and H.S. Mann and B. McKinnon and O. Meunier and R. Miller and G. Miní and Y. Mouden and P. Musico and M. Osipenko and G. Ottonello and F. Parodi and E. Pasyuk and P. Pollovio and F. Pratolongo and S. Procureur and R. Puppo and C. Rossi and M. Riallot and M. Ripani and A. Rizzo and F. Sabatié and C. Salgado and G.D. Smith and D. Sokhan and I. Stankovic and M. Taiuti and A. Trovato and M. Vandenbroucke and V. Vigo and E. Virique and D. Watts and C. Wiggins and N. Zachariou and L. Zana},
keywords = {Hadron spectroscopy, Low-Q electron scattering, Electromagnetic calorimeter, PbWO, APD, Hodoscope, Plastic scintillator, WLS fibers, SiPM, Gas tracking detector, MicroMegas},
abstract = {This document presents the technical layout and the performance of the CLAS12 Forward Tagger (FT). The FT, composed of an electromagnetic calorimeter based on PbWO4 crystals (FT-Cal), a scintillation hodoscope (FT-Hodo), and several layers of Micromegas trackers (FT-Trk), has been designed to detect electrons and photons scattered at polar angles from 2° to 5° and to meet the physics goals of the hadron spectroscopy program and other experiments running with the CLAS12 spectrometer in Hall B.}
}

@article{CHIARUSI2013129,
title = {The NEMO trigger and data acquisition system},
journal = {Nuclear Instruments and Methods in Physics Research Section A: Accelerators, Spectrometers, Detectors and Associated Equipment},
volume = {725},
pages = {129-132},
year = {2013},
issn = {0168-9002},
doi = "10.1016/j.nima.2012.11.168",
url = {https://www.sciencedirect.com/science/article/pii/S016890021201515X},
author = {Tommaso Chiarusi},
keywords = {NEMO, Neutrino telescope, Trigger and data acquisition system},
abstract = {The second phase of the NEMO project represents a valuable occasion to test a new Trigger and Data Acquisition System (TriDAS), designed to scale up to the km3. Because of the deep sea optical background, the NEMO “all data to shore” approach requires to handle a large continuous data-stream from off-shore to on-shore. The TriDAS consists of four computing layers: hit managing into time-coherent aggregates, data selection according to possible concurrent trigger algorithms, composition of the selected events into post-trigger files and finally persistent data storage. The finalized design of TriDAS adapted for NEMO Phase 2 is reviewed together with the dedicated on-line monitoring tool and networking architecture.}
}